%% This BibTeX bibliography file was created using BibDesk.
%% http://bibdesk.sourceforge.net/


%% Created for Lucas Dohmen at 2013-01-10 09:58:23 +0100 


%% Saved with string encoding Unicode (UTF-8) 



@article{FuMe2001,
	Author = {Jeffrey L Funk and David T Methe},
	Date-Added = {2013-01-10 08:48:52 +0000},
	Date-Modified = {2013-01-10 08:49:07 +0000},
	Doi = {10.1016/S0048-7333(00)00095-0},
	Issn = {0048-7333},
	Journal = {Research Policy},
	Keywords = {Global standards},
	Number = {4},
	Pages = {589 - 610},
	Title = {Market- and committee-based mechanisms in the creation and diffusion of global industry standards: the case of mobile communication},
	Url = {http://www.sciencedirect.com/science/article/pii/S0048733300000950},
	Volume = {30},
	Year = {2001},
	Bdsk-Url-1 = {http://www.sciencedirect.com/science/article/pii/S0048733300000950},
	Bdsk-Url-2 = {http://dx.doi.org/10.1016/S0048-7333(00)00095-0}}

@phdthesis{Gess2002,
	Author = {Gessler, Fredrik},
	Date-Added = {2013-01-10 08:48:09 +0000},
	Date-Modified = {2013-01-10 08:58:20 +0000},
	Institution = {KTH, Industrial Economics and Management},
	Number = {2002:06},
	Pages = {xiv, 342},
	Publisher = {Industriell ekonomi och organisation},
	School = {KTH, Industrial Economics and Management},
	Series = {Trita-IEO},
	Title = {The development of wireless infrastructure standards},
	Year = {2002}}
